3098 5242
775 367 980 428 ..8-

273 584 338 646 000
363 561 551 643 colligimus
564 559 729 643 Phrygem
748 561 815 625 siue
841 560 881 624 dc
906 567 992 625 tecto
1019 563 1085 626 sive
1110 562 1150 626 de
1174 562 1299 626 lacunis
1316 584 1388 645 quae
1407 563 1463 626 sub

270 664 342 744 ipso
373 665 463 725 tecto
489 659 686 722 intermissae
713 664 809 723 erant
833 658 1020 724 desiluisse:
1052 660 1169 742 quibus
1201 661 1308 724 verbis
1339 667 1464 737 contra-

272 761 383 823 dicere
409 779 461 823 vu.
490 758 667 821 1366-118
694 756 811 820 100100
829 756 1005 821 scholiasta
1021 764 1111 821 recte
1129 757 1287 822 videbat·
1301 756 1387 822 Sane
1412 758 1464 821 isti

274 878 389 922 versus
413 845 498 917 ἀλλὰ
522 866 640 918 κτυπεῖ
663 852 725 941 γὰρ
747 854 875 940 κλῇθρα
897 854 963 918 κτλ.
990 857 1146 920 usitatum
1162 855 1251 944 illum
1269 856 1401 920 modum
1415 877 1464 919 re·

274 960 402 1038 petunt,
441 974 508 1035 quo
542 953 736 1034 posterioris
767 953 924 1034 temporis
961 960 1068 1036 poetae
1106 953 1275 1018 dramatici
1309 975 1464 1036 personas

275 1051 481 1136 prodeuntes
517 1051 742 1133 praenuntiare
779 1050 929 1115 solebant
967 1052 1016 1133 (ut
1053 1058 1102 1116 est
1133 1053 1166 1115 in
1199 1052 1312 1116 eodem
1344 1050 1464 1115 scholio

275 1172 350 1234 pag,
376 1152 453 1230 217,
480 1151 500 1212 2
526 1144 620 1224 ἐξιών
643 1172 694 1224 τις
717 1157 833 1236 ψοφεῖ,
859 1157 978 1213 τοῦτο
1001 1147 1073 1235 γὰρ
1097 1147 1200 1227 ἔθος,
1225 1160 1297 1226 ταῖς
1319 1147 1464 1235 θύραις),

277 1249 370 1313 00100
395 1247 488 1310 modi
513 1247 664 1328 exempla
695 1268 735 1310 ex
766 1248 881 1330 quavis
913 1248 1076 1312 comoedia
1100 1247 1256 1312 Plautina
1287 1247 1464 1328 abundant,

280 1369 307 1415 e.
339 1368 370 1430 g.
402 1343 527 1410 Casina
552 1367 600 1408 vv.
637 1348 710 1409 161.
744 1347 819 1410 434.
853 1347 926 1409 813.
961 1348 1036 1413 873.
1069 1348 1133 1410 936
1170 1345 1281 1430 (quam
1312 1345 1465 1427 Diphilus

280 1443 400 1508 Graece
426 1444 615 1525 scripserat,
663 1465 692 1509 v.
719 1443 787 1528 31).
833 1443 953 1526 Ι10000
978 1450 1010 1508 01
1041 1465 1104 1526 ree,
1137 1466 1208 1526 quae
1244 1445 1369 1508 inserta
1407 1450 1464 1524 est,

281 1544 315 1605 in
338 1547 496 1623 promptu
521 1547 603 1623 erat,
640 1547 672 1604 01
704 1562 803 1606 00000
833 1542 1038 1606 removendae
1073 1542 1121 1605 rei
1157 1543 1226 1606 eius
1261 1563 1334 1624 0000
1370 1547 1466 1605 00100

281 1640 400 1720 fuerat,
425 1645 494 1702 tam
518 1638 694 1720 perspicua
719 1645 768 1703 001
792 1636 858 1724 (ἵνα
881 1637 926 1726 μὴ
941 1638 1204 1724 annunciatum),
1222 1644 1257 1702 ut
1272 1639 1369 1722 plane
1386 1637 1466 1701 nihil

283 1737 369 1802 obsit
380 1736 507 1818 judicio
526 1736 699 1801 scholastae
716 1759 831 1802 versus
848 1736 922 1802 illos
939 1737 1132 1801 damnantis
1149 1775 1192 1784 -—
1211 1737 1320 1802 Unum
1336 1736 1466 1819 quidem

282 1833 451 1912 auxilium,
466 1857 508 1898 00
521 1856 635 1899 versus
652 1836 823 1916 eiciantur,
838 1857 1008 1918 superesse
1023 1836 1052 1899 01
1070 1841 1213 1920 0000001,
1230 1835 1286 1917 001
1303 1834 1466 1917 explicant

283 1933 450 2017 Phrygem
475 1932 515 1997 de
540 1933 636 1997 domo
661 1935 862 2012 interiore,
888 1955 959 2016 0000
985 1934 1025 1997 10
1049 1933 1177 1997 theatro
1202 1954 1267 1997 non
1303 1938 1467 2014 spectetur

284 2030 653 2115 1001110ος10101001010,
668 2032 714 2095 ad
730 2037 883 2115 portam
897 2033 1130 2096 exteriorem
1142 2030 1462 2115 0001001000οοῑο-

285 2151 360 2193 nam
385 2128 535 2211 prodire3
560 2130 648 2212 quod
674 2136 901 2213 argumentum
926 2136 958 2193 01
982 2131 1086 2212 ipsum
1103 2129 1284 2211 antiquitus
1300 2133 1466 2210 repertum

285 2225 402 2312 (schol.
417 2226 458 2290 ad
474 2229 568 2307 1371,
583 2248 658 2310 pag.
673 2230 749 2312 217,
765 2231 803 2292 19
817 2235 918 2290 ταῦτα
939 2215 993 2292 οὖν
1015 2248 1113 2313 φησιν
1130 2219 1174 2303 ὡς
1192 2221 1467 2312 ὗπερπεπηὸηκιὺς

285 2333 360 2389 τῶν
384 2321 457 2388 doro
474 2349 583 2401 τινας
600 2323 728 2412 οἴκων)
746 2349 765 2390 0
782 2327 1017 2391 recentioribus
1031 2325 1054 2412 ¹)
1071 2325 1246 2408 approbari
1261 2325 1353 2389 solet.
1385 2325 1467 2388 Haec

287 2444 484 2506 quamquam
508 2425 703 2488 testimoniis
728 2423 864 2489 refutari
888 2426 1002 2507 nequit
1026 2424 1265 2507 argumentatio
1290 2429 1399 2486 tamen
1415 2444 1465 2486 ve·

287 2521 430 2586 risimilis
465 2543 531 2585 non
567 2528 626 2587 est.
683 2522 769 2586 Nam
801 2523 940 2605 primum
973 2523 1075 2588 saltus
1106 2521 1160 2585 ille
1192 2519 1466 2604 magnificentiam

286 2618 386 2684 habet
411 2618 635 2684 tantummodo
662 2621 689 2685 si
713 2621 875 2701 cernitur,
909 2622 958 2684 sin
983 2620 1090 2684 verbis
1114 2620 1210 2683 modo
1240 2618 1332 2682 addit
1355 2617 1467 2700 Phryx

290 2718 399 2797 „intus
422 2715 569 2797 profecto
595 2716 747 2782 detecto
773 2718 919 2799 desilui,“
946 2718 1085 2783 saliendi
1114 2717 1269 2795 inventio,
1295 2716 1466 2780 deficiente

289 2813 486 2897 spectaculo,
523 2816 647 2880 inutilis
685 2823 743 2881 cst.
791 2816 918 2880 Deinde
950 2839 1015 2881 non
1047 2824 1169 2880 temere
1195 2814 1362 2878 damnavit
1386 2814 1467 2878 alter

289 2911 464 2978 scholiasta
480 2934 602 2991 versus
629 2916 686 2979 001
703 2923 740 2979 01
756 2915 1001 2980 consuetudinis
1018 2915 1214 2978 histrionum
1229 2934 1353 2998 gnarus
1370 2918 1467 2994 atque

289 3011 414 3092 100100,
441 3011 528 3092 0001
551 3014 622 3095 ipse
648 3037 697 3080 vv.
724 3017 775 3078 62.
802 3015 865 3077 643
891 3018 1127 3077 commentatus
1158 3017 1316 3076 testatur:
1354 3031 1374 3072 a
1404 3031 1467 3093 quo

289 3109 317 3172 si
341 3109 472 3172 omnino
496 3109 683 3192 histriones,
708 3111 796 3194 quod
820 3111 921 3175 libros
937 3116 1111 3187 mutarent,
1137 3109 1282 3174 accusati
1300 3115 1385 3189 sunt,
1410 3129 1466 3171 no-

288 3213 357 3271 tum
383 3206 412 3269 ei
436 3205 537 3272 fuisse
561 3209 595 3272 id
619 3211 788 3294 negotium
816 3209 944 3272 illorum
976 3230 1110 3272 necesse
1143 3215 1201 3272 est.
1248 3207 1337 3287 Ergo
1368 3207 1395 3269 si
1427 3206 1467 3270 ab

288 3304 474 3369 hominibus
489 3308 587 3370 studii
601 3306 797 3372 histrionum
811 3307 925 3390 peritis
943 3330 991 3371 vv.
1010 3309 1182 3370 1366-68
1197 3305 1237 3369 ab
1256 3304 1468 3368 histrionibus

289 3401 477 3484 interpolati
503 3404 717 3487 putabantur,
743 3426 802 3469 nos
834 3404 963 3487 quidem
995 3405 1150 3468 tutissimi
1173 3404 1289 3467 horum
1309 3402 1469 3485 judicium

289 3520 480 3582 sequemur3
506 3503 594 3583 quod
619 3523 696 3567 vero
722 3501 853 3566 defendi
877 3500 986 3584 aliquo
1018 3502 1114 3566 modo
1139 3507 1277 3584 possunt
1300 3501 1323 3563 ii
1347 3521 1468 3577 versus,

289 3597 468 3662 tenendum
493 3609 543 3664 est
568 3602 714 3666 omnium
737 3600 898 3681 fraudum,
924 3623 996 3683 quae
1021 3621 1175 3682 umquam
1192 3602 1334 3677 fuerunt,
1360 3619 1469 3661 00000-

290 3696 375 3760 sario
401 3695 545 3780 aliquam
570 3698 837 3782 probabilitatem
860 3697 972 3763 fuisse.
1010 3696 1137 3781 Quibus
1162 3697 1201 3760 de
1227 3697 1333 3760 causis
1357 3717 1469 3760 versus

291 3795 464 3858 1366-68
491 3799 569 3878 quin
595 3797 785 3880 interpolati
809 3799 874 3861 sint
910 3796 1042 3861 dubium
1078 3818 1144 3859 non
1180 3815 1251 3859 0000
1288 3815 1468 3858 censemus.

290 3889 400 3974 Quare
426 3915 525 3978 supra
551 3897 591 3961 de
606 3893 726 3961 Oreste
752 3894 913 3979 tragoedia
936 3896 1009 3959 usui
1034 3894 1172 3958 scaenico
1195 3891 1471 3957 accommodanda

289 3989 436 4054 dicentes
469 3994 594 4060 eisdem
619 3994 767 4060 versibus
800 3993 888 4058 velut
919 3999 1111 4076 argumento
1144 3989 1325 4055 utebamur.
1373 3990 1471 4054 Nunc

289 4108 327 4150 eo
352 4088 534 4156 redeamus.

377 4250 398 4316 1)
418 4249 504 4304 Errat
523 4271 592 4308 vero
612 4251 695 4320 Weil,
716 4252 840 4320 cogitans
860 4251 894 4303 de
914 4244 1471 4313 00111000101001001100010,01100010νο

287 4326 352 4380 s'est
370 4333 467 4385 trouve
487 4333 637 4399 cnfernre,“
659 4335 721 4386 adn.
742 4331 777 4383 ad
795 4350 839 4385 vu.
861 4332 937 4386 1366.
958 4333 988 4384 i:
1018 4345 1071 4380 uon
1092 4329 1163 4380 euim
1183 4327 1265 4393 illinc,
1286 4325 1471 4393 0010110000-

287 4414 347 4463 tum
365 4416 429 4479 post
448 4430 462 4466 e
482 4413 612 4470 conclavi
631 4412 659 4466 in
679 4431 733 4483 quo
755 4412 862 4465 Helena
886 4411 946 4478 ipsa
965 4408 1127 4463 versabatur
1146 4407 1249 4476 effugit,
1275 4425 1301 4459 v.
1321 4407 1471 4461 1473-77.
