3098 5242
664 386 884 446 ...42-

189 583 252 644 ii2
289 579 374 657 licet,
410 577 506 642 modo
543 576 702 642 excidisse
738 580 824 642 inter
859 600 914 643 eos
951 579 1049 643 unum
1086 601 1225 662 versum,
1266 601 1359 662 quem

187 676 331 760 Pylades
355 675 583 759 respondebat,
600 682 761 757 putemus.
801 677 920 758 Itaque
938 698 1049 742 omnes
1066 699 1179 742 versus
1198 681 1359 760 763-71,

187 775 273 838 inter
298 796 378 856 quos
403 774 443 838 de
469 777 619 838 765-67
646 780 679 837 et
703 773 742 838 de
769 778 829 839 iil
857 774 990 838 dubium
1013 796 1078 839 non
1104 777 1154 856 sit,
1172 776 1360 858 interpolati

189 893 259 936 esse
284 872 444 938 videntur.

755 1057 792 1126 Ο.

279 1225 306 1287 1.
330 1221 408 1284 dam
427 1243 498 1284 cum
512 1221 690 1285 identidem
704 1242 815 1284 versus
829 1220 956 1303 aliquos
970 1221 1035 1303 (33,
1053 1223 1128 1287 405.
1144 1225 1174 1302 6,
1194 1221 1360 1305 763-71)

187 1318 400 1401 interpolatos
424 1340 495 1383 esse
520 1320 749 1403 censuerimus,
774 1318 906 1382 tandem
931 1340 1027 1402 quem
1058 1319 1100 1383 ad
1132 1319 1231 1383 finem
1262 1319 1359 1384 inter·

187 1416 288 1498 polati
313 1415 434 1480 fuerint
457 1416 551 1480 nobis
576 1417 638 1480 erit
662 1415 961 1480 demonstrandum.

277 1531 330 1595 De
370 1555 418 1598 vr.
460 1535 609 1597 763—71
651 1539 798 1615 apparet,
834 1532 896 1595 hac
930 1533 1057 1596 ratione
1092 1533 1360 1615 interpolatorem

187 1637 412 1712 argumentum
448 1632 592 1694 inserere
632 1630 771 1694 voluisse
811 1651 874 1713 quo
910 1630 1081 1695 advenerit
1113 1630 1266 1713 Pyladea,
1307 1632 1361 1713 qui

186 1735 253 1791 tam
277 1729 471 1810 improvisus
495 1729 535 1792 ab
560 1729 652 1792 initio
677 1729 770 1792 istius
795 1749 932 1793 scaenae
950 1728 1053 1793 adest.
1100 1727 1142 1791 Id
1160 1729 1245 1791 enim
1263 1731 1358 1792 mira·

186 1824 283 1890 batur
307 1826 522 1909 interpolator
546 1825 658 1911 (atque
682 1826 770 1889 haud
794 1827 896 1910 magis
920 1826 974 1904 ille
1000 1848 1097 1910 quam
1114 1848 1174 1890 nos
1191 1828 1359 1906 miramur,

186 1924 297 1988 rideas
314 1924 497 1988 Hermanni
521 1923 755 2007 praefationem
778 1946 852 2006 pag.
869 1924 949 2010 XI),
967 1925 1054 2007 quod
1071 1931 1146 2007 post
1162 1922 1361 2007 Clytaemes-

186 2028 270 2086 tram
311 2024 449 2086 oceisam
485 2022 625 2104 Pylades
664 2020 765 2105 Argis
800 2023 833 2086 in
868 2022 1048 2087 Phocidem
1082 2023 1250 2106 migraret,
1286 2022 1360 2086 inde

189 2127 297 2184 autem
321 2119 431 2202 Argos
455 2123 655 2206 remigraret,
681 2142 764 2202 quae
789 2122 858 2185 sine
884 2141 983 2185 causa
1006 2123 1137 2184 inventa
1171 2142 1242 2185 esse
1273 2120 1360 2183 vide-

186 2217 323 2282 bantur:
354 2219 435 2283 haec
460 2220 587 2283 occasio
611 2218 694 2282 bene
719 2219 759 2283 de
791 2220 961 2305 tragoedia
991 2221 1055 2284 ista
1084 2218 1232 2282 merendi
1263 2220 1358 2282 aesti-

186 2321 275 2380 mata
306 2322 355 2380 est
385 2324 418 2380 et
453 2318 693 2399 migrationum,
729 2318 789 2382 etsi
822 2338 887 2381 non
919 2324 1068 2400 utraque,
1101 2316 1207 2380 altera
1239 2316 1356 2380 saltem

191 2414 353 2495 explicata
377 2421 426 2479 est
450 2415 563 2480 exsilio
588 2415 643 2478 illo
667 2416 808 2496 invento,
843 2438 906 2498 quo
937 2416 1094 2479 multatus
1126 2421 1213 2478 esset
1243 2414 1359 2478 homo

186 2512 348 2576 scelere
372 2514 571 2595 impurus
618 2512 693 2577 Hoc
717 2514 817 2594 igitur
840 2535 905 2576 non
930 2513 1064 2578 dubium
1088 2519 1159 2576 erat
1183 2512 1359 2594 interpola-

184 2610 257 2688 tori,
283 2610 360 2692 quin
377 2610 519 2694 Pylades
543 2611 653 2675 caedis
669 2612 770 2693 ipsius
786 2613 952 2694 particeps
968 2612 1069 2695 Argis
1086 2609 1260 2674 adfuisset:
1278 2608 1357 2674 haec

185 2715 256 2771 erat
279 2708 388 2773 fabula
414 2711 597 2792 notissima3
623 2710 706 2772 hanc
729 2731 788 2791 pro
814 2717 904 2775 certo
930 2710 1075 2791 sumpsit.

273 2823 400 2908 Atqui
425 2827 472 2888 ita
497 2847 624 2889 sumere
649 2826 763 2889 licuit?
799 2847 841 2889 an
865 2828 942 2908 quia
965 2827 998 2889 in
1030 2826 1155 2906 reliqua
1184 2824 1296 2889 fabula
1326 2823 1358 2887 id

186 2923 342 2986 cecinerit
364 2931 463 3005 poeta
486 2925 536 2988 vel
560 2925 593 2986 in
618 2924 752 3006 prologo
763 2923 795 3007 ¹),
821 2926 912 2987 cuius
937 2945 1054 2988 munus
1078 2923 1112 2986 id
1137 2930 1187 2986 est
1213 2937 1269 3005 „ut
1286 2944 1357 2986 eum

184 3041 293 3082 rerum
318 3028 436 3085 statum
470 3024 524 3104 qui
556 3024 717 3086 actionem
753 3022 917 3086 antecedit
952 3028 1108 3104 quantum
1144 3020 1215 3084 fieri
1251 3027 1359 3104 potest

185 3119 427 3183 accuratissime
467 3119 705 3202 spectatoribus
745 3126 821 3183 ante
861 3121 973 3184 oculos
1011 3119 1155 3202 ροηειῒῖιι
1205 3118 1358 3184 Verum

184 3215 425 3299 ubicunque
465 3217 511 3282 de
552 3218 684 3282 caede
728 3226 825 3300 agat
867 3217 1016 3282 fabula
1050 3224 1218 3298 nostra,
1256 3236 1357 3280 unos

184 3313 347 3378 liberos
379 3315 576 3380 Orestem
608 3315 910 3398 Electramque
942 3316 1165 3379 memorari
1198 3315 1358 3396 reperi-

183 3433 270 3476 mus
299 3414 368 3494 qui
400 3414 657 3488 occiderint,
690 3436 897 3496 nusquam
929 3412 1139 3496 Pyladem.
1192 3410 1276 3476 Sunt
1310 3433 1356 3473 vr.

183 3509 313 3590 quidem
331 3511 394 3575 duo
415 3515 508 3576 1074,
527 3514 609 3575 1089
627 3513 682 3593 qui
700 3517 732 3574 et
748 3513 849 3594 ipsius
865 3511 990 3575 facinus
1007 3511 1147 3594 probare
1164 3509 1357 3589 videantur,

184 3607 240 3670 sed
264 3610 452 3691 priusquam
478 3611 520 3673 ad
544 3630 599 3674 eos
624 3610 826 3691 accedamus,
852 3609 930 3691 quid
954 3631 993 3672 ex
1016 3609 1143 3691 reliqua
1159 3608 1270 3671 fabula
1286 3614 1357 3671 tota

183 3706 222 3768 de
247 3707 308 3770 hac
332 3729 367 3770 re
391 3708 571 3789 colligatur,
598 3707 750 3790 deinceps
775 3708 1021 3790 perlustremus

272 3967 402 4033 Primus
427 3967 608 4032 audiendus
634 3976 683 4031 est
707 3968 890 4051 Tyndarus,
917 3989 1074 4050 quosnam
1099 3974 1240 4030 accuset.
1289 3964 1356 4050 Qui

183 4070 215 4128 et
248 4067 392 4150 graviter
416 4067 579 4130 ,incusans
617 4066 719 4130 filium
760 4067 800 4130 ob
841 4066 1042 4148 impietatem
1077 4064 1284 4150 (493-539)
1321 4070 1354 4128 et

181 4165 322 4227 minatus
346 4164 426 4227 illud
453 4167 602 4228 613-17

271 4352 291 4417 1)
311 4352 448 4417 Arnim,
476 4351 509 4404 de
536 4352 712 4420 prologorum
738 4351 878 4420 Euripidis
905 4358 963 4404 arte
988 4356 1015 4404 et
1041 4350 1262 4419 interpolatione,
1290 4349 1356 4404 diss.

181 4432 272 4500 inaug.
293 4432 453 4486 Greifswald
473 4434 550 4499 1882,
571 4449 632 4500 pag.
652 4433 696 4488 85.
