3098 5242
663 369 885 431 ..50-

184 588 295 632 serens
320 566 360 630 de
385 586 422 629 eo
447 563 648 648 proferebat,
673 583 769 644 quem
793 569 959 645 tamquam
982 563 1153 645 hominem⁷
1176 586 1236 629 nec
1261 564 1360 628 solam

184 666 333 748 speciem,
370 663 504 745 diligere
540 659 711 725 auditores
747 681 786 724 ex
821 661 894 726 aliis
928 662 1080 726 nimirum
1115 663 1207 727 novis
1243 662 1361 727 fabulis

183 768 404 846 coeperant).
467 758 596 843 Quibus
638 759 854 824 condimentis
892 758 1054 825 acerbitas
1084 759 1141 824 illa
1188 782 1272 844 qnae
1320 783 1359 824 ex

183 860 432 946 migrationibus
449 857 585 941 Pyladis
611 856 814 921 sentiebatur
838 857 989 922 lenienda
1005 864 1085 923 erat.
1133 856 1355 942 Quamobrem

185 982 202 1024 e
227 958 374 1023 scaenico
399 980 460 1022 usu
484 954 755 1038 interpolationes
779 956 859 1020 istas
884 977 955 1020 esse
979 963 1074 1021 natas
1098 958 1220 1020 censui.

667 1154 879 1161 ——-——

662 1328 880 1447 Appendix.
977 1412 980 1418 .

270 1530 367 1594 Haeo
398 1529 438 1593 de
469 1525 600 1592 Orestis
631 1526 761 1591 fabulae
792 1527 992 1609 Euripideae
1027 1529 1261 1593 retractatione
1295 1530 1358 1595 dic-

182 1638 276 1695 turus
300 1648 400 1696 eram.
456 1623 564 1710 Quam
589 1625 616 1689 si
648 1625 689 1690 ab
719 1624 932 1691 histrionibus
963 1632 1174 1690 retractatam
1207 1648 1279 1692 esse
1310 1629 1360 1692 his

184 1726 346 1810 capitibus
371 1725 632 1790 demonstratum
658 1733 715 1799 est,
728 1725 796 1806 jam
814 1724 992 1788 subsistere
1009 1724 1157 1788 hocloco
1175 1747 1359 1807 possumus.

184 1827 261 1890 Non
286 1825 371 1889 enim
394 1823 428 1886 id
452 1822 590 1906 agebam
615 1829 652 1886 ut
676 1820 715 1885 de
739 1821 851 1886 fabula
873 1829 986 1886 nostra
1008 1822 1280 1905 interpolationes
1310 1824 1357 1888 vel

185 1925 354 1987 universas
378 1926 628 2005 pertractarem,
661 1920 712 1983 vel
735 1920 823 2002 ipsas
859 1942 914 1984 eas
950 1942 1033 2002 quae
1069 1919 1110 1984 ab
1146 1920 1360 1986 histrionibus

186 2022 295 2086 factae
321 2021 386 2085 sint
410 2039 531 2100 omnes,
556 2039 622 2082 non
650 2020 804 2102 ignorans
835 2019 901 2082 tale
932 2040 1079 2102 pensum,
1109 2019 1173 2082 nisi
1203 2019 1360 2103 ampliore

186 2119 348 2184 volumine
373 2139 470 2201 quam
494 2115 566 2191 hoc,
600 2116 724 2181 absolvi
747 2138 812 2180 non
844 2138 950 2199 posse.
1005 2114 1079 2199 Qua
1109 2116 1149 2181 de
1181 2137 1280 2181 causa
1311 2119 1360 2181 vel

186 2216 259 2282 illas
295 2217 397 2296 omisi,
424 2229 504 2298 quas
528 2213 835 2296 Weckleinius2)
860 2237 961 2280 novas
995 2214 1139 2298 protulit,
1165 2236 1361 2298 quamquam

186 2321 322 2399 propter
350 2313 547 2396 judiciorum
585 2333 777 2378 consensum
812 2312 846 2397 (l.
873 2334 899 2376 c.
931 2334 1004 2396 pag.
1039 2316 1100 2376 517
1136 2312 1216 2391 „der
1246 2335 1359 2398 grosse

187 2413 329 2494 Umlang
352 2412 411 2475 der
426 2411 710 2494 interpolationen
735 2433 809 2495 mag
826 2411 894 2476 also
913 2412 1015 2476 damit
1030 2411 1357 2496 zusammenhangem

188 2511 263 2576 dass
288 2509 346 2574 das
362 2508 463 2574 Stiick
478 2509 511 2572 in
528 2509 586 2573 der
602 2515 735 2592 spatern
752 2510 827 2573 Zeit
850 2511 948 2573 noch
973 2508 1107 2590 haufig
1131 2508 1362 2594 ausgelfihrt

188 2606 364 2693 wurde“)
388 2608 509 2671 mentio
533 2607 663 2670 illarum
687 2608 721 2670 in
745 2614 898 2690 promptu
930 2615 1014 2672 erat:
1055 2628 1148 2692 quae,
1182 2608 1242 2672 etsi
1273 2615 1362 2672 recte

187 2728 338 2788 magnam
361 2712 487 2787 partem
511 2706 726 2790 investigatae
751 2727 822 2770 esse
846 2706 924 2769 mihi
956 2706 1116 2790 videntur,
1149 2713 1259 2768 tamen
1291 2706 1360 2769 fieri

188 2827 253 2868 non
278 2809 408 2887 poterat
439 2808 477 2866 ut
507 2804 539 2867 in
571 2804 833 2868 testimoniorum
869 2821 1004 2868 numero
1039 2803 1118 2867 mihi
1154 2802 1360 2882 afferrentur,

188 2903 265 2986 quia
280 2923 395 2985 parum
408 2901 633 2966 Weckleinius
651 2900 795 2984 singulas
813 2903 1011 2983 argumentis
1025 2899 1210 2983 tutabatur3
1227 2901 1358 2985 longum

188 3006 297 3064 autem
320 3021 379 3081 pro
402 2998 464 3063 hac
489 2999 719 3065 dissertatione
745 3006 816 3065 erat
838 3000 1107 3083 interpolationes
1132 2998 1204 3062 illas
1221 2999 1361 3082 probare

188 3099 234 3168 eis
259 3100 465 3180 argumentis,
490 3097 608 3181 quibus
632 3104 804 3182 praeterea
828 3099 961 3180 probari
985 3119 1080 3179 posse
1104 3096 1265 3164 videntur.

280 4322 301 4386 1)
321 4318 353 4371 E.
373 4338 399 4388 g.
418 4317 510 4371 fabula
529 4333 611 4385 quam
630 4315 767 4369 Pacuvius
788 4314 962 4383 sequebatur,
982 4313 1038 4367 cic.
1058 4313 1093 4367 de
1112 4329 1164 4367 am.
1183 4311 1251 4368 VII.
1271 4314 1316 4369 24.

279 4409 302 4478 2)
323 4409 350 4462 S.
369 4408 402 4460 B.
421 4407 470 4461 der
488 4407 514 4459 k.
533 4407 609 4473 bayr.
628 4405 682 4457 Ak.
702 4406 781 4460 1896.
