3098 5242
764 371 982 432 -22-

286 566 490 629 obtinere.
531 563 638 646 Supra
654 585 729 628 vero
745 563 793 649 (in
818 585 887 646 cap.
912 562 959 647 A)
984 563 1158 627 eandem
1182 584 1268 626 cum
1291 562 1459 645 reliqua

287 662 438 728 fabula
485 670 771 745 comparatam
826 661 1064 744 multiplici
1116 659 1457 725 contradictione

286 761 488 826 laborare
514 761 710 842 explicatum
735 766 793 824 est.
842 758 989 842 Quarum
1013 781 1120 823 rerum
1138 758 1259 840 duplici
1275 759 1459 822 testimonio

288 859 544 924 demonstratum
563 880 633 922 esse
654 858 734 921 mihi
758 857 895 938 videtur,
921 857 1103 922 alienam
1127 856 1174 920 ab
1198 857 1292 938 ipsa
1315 855 1460 920 fabula

288 978 375 1020 esse
401 977 591 1021 scaenam
616 956 733 1019 illam
758 962 888 1038 atque
911 955 1173 1018 incommode
1201 955 1241 1016 in
1272 953 1458 1018 fabulam

286 1055 501 1119 insertam.

855 1211 892 1280 O.

375 1357 556 1438 Postquam
580 1376 730 1420 scaenam
757 1359 929 1420 1506-36
947 1355 1176 1438 interpolatam
1194 1376 1264 1419 esse
1282 1354 1459 1435 docuimus,

287 1475 391 1537 pauca
416 1454 456 1518 de
481 1475 520 1517 ea
544 1462 638 1536 parte
663 1453 852 1537 tragoediae
876 1453 951 1517 iude
977 1474 1095 1518 scaena
1124 1459 1249 1517 remota
1281 1459 1332 1516 551
1361 1452 1460 1535 expli·

287 1551 392 1616 canda
417 1557 600 1634 supersunt.

376 1649 523 1712 Primum
546 1648 628 1713 haec
651 1671 738 1713 nunc
761 1648 894 1713 illucent

379 1751 410 1827 1)
441 1747 555 1810 Rebus
589 1768 672 1828 quae
705 1749 793 1812 intus
828 1754 938 1830 gestae
975 1757 1068 1812 erant
1102 1748 1243 1810 narratis
1273 1747 1387 1831 Phryx
1421 1747 1461 1810 de

288 1867 408 1910 scaena
439 1845 564 1929 aulugit
594 1846 635 1926 (v.
668 1845 778 1930 15112),
812 1852 848 1909 51
879 1847 921 1910 ad
944 1845 1146 1922 Menelaum
1164 1847 1343 1930 perveniat,
1376 1845 1459 1928 quod

288 1964 400 2006 versus
427 1945 511 2006 1558
535 1941 718 2006 luculenter
740 1943 859 2026 probat

377 2043 411 2120 2)
435 2040 476 2103 51)
500 2040 562 2103 hoc
578 2039 751 2105 Menelaus
776 2043 894 2106 certior
917 2041 1023 2106 factus
1048 2041 1173 2126 (1559),
1196 2049 1232 2105 51
1247 2041 1461 2106 Hermionem

287 2138 388 2202 filiam
412 2145 591 2221 conservet,
616 2139 747 2201 domum
772 2137 900 2204 Orestis
924 2141 1114 2204 revertitur:
1149 2141 1219 2222 ipse
1248 2139 1288 2202 de
1319 2138 1460 2204 adventu

290 2257 347 2300 suo
372 2236 540 2318 inopinato
565 2237 766 2322 prooemium
790 2236 911 2302 habeat
935 2259 1068 2301 necesse
1093 2243 1143 2302 est
1169 2240 1253 2301 1554
1279 2259 1349 2320 sqq.

380 2334 413 2419 3)
439 2332 574 2398 Orestes
598 2334 731 2398 taudem
756 2356 793 2398 eo
818 2336 924 2417 modo,
950 2357 1013 2418 quo
1040 2335 1217 2399 secundum
1233 2357 1347 2400 versus
1366 2339 1460 2415 1196,

292 2434 385 2506 1347,
419 2434 571 2495 1492-4
604 2453 716 2496 omnes
748 2433 835 2496 inter
866 2455 900 2497 se
937 2433 1185 2514 consentientes
1222 2433 1461 2516 exspectandus

290 2536 349 2610 est,
374 2529 494 2612 prodit,
520 2529 643 2593 scilicet
667 2529 881 2594 Hermionem
906 2533 1119 2596 comminatus
1147 2534 1240 2598 1575.

379 2627 508 2691 Deinde
540 2634 687 2691 nostrum
719 2629 849 2710 quidem
879 2651 945 2694 uon
978 2636 1027 2693 est
1058 2636 1094 2692 ut
1134 2650 1339 2712 quaeramus,
1376 2629 1461 2694 unde

289 2747 407 2791 scaena
430 2726 494 2789 ista
517 2726 720 2808 provenerit3
745 2748 840 2808 quam
865 2748 930 2790 non
955 2728 997 2792 ad
1022 2749 1095 2791 eum
1118 2727 1216 2791 finem
1241 2728 1459 2792 5111551555-

288 2831 416 2887 reretur
440 2822 551 2887 fictam
576 2844 656 2906 esse,
689 2824 747 2888 sed
778 2846 818 2887 ex
849 2832 938 2889 certa
966 2825 1077 2890 fabula
1108 2832 1206 2908 atque
1238 2847 1347 2889 rerum
1379 2827 1462 2891 serie

288 2920 430 3004 quadam
459 2920 629 3002 sublatam,
662 2923 890 2986 memoravisse
922 2923 1070 2989 sufficiat.
1127 2921 1345 2988 Condiciones
1379 2946 1462 3007 quae

288 3019 372 3084 aliae
397 3040 535 3083 scaenae
560 3020 696 3084 subsunt
719 3019 778 3084 has
802 3019 870 3084 fere
894 3020 1138 3085 inveniebamus

380 3116 411 3202 1)
435 3138 475 3180 55
491 3115 622 3182 Η51555
647 3117 800 3182 divinitus
817 3119 953 3183 tollatur
968 3141 1048 3182 neve
1065 3119 1248 3202 prodigium
1265 3142 1326 3184 555
1343 3122 1461 3202 veniat,

287 3237 323 3280 re
348 3236 425 3279 vera
449 3214 596 3278 caeditur
618 3214 749 3279 Helena

379 3312 412 3395 2)
436 3313 599 3401 utrimque
624 3320 799 3400 certamen,
825 3321 857 3378 51
881 3336 900 3378 5
920 3314 1074 3379 Menelao
1099 3321 1131 3378 et
1155 3315 1196 3378 ab
1214 3314 1343 3393 Oreste,
1368 3339 1462 3400 para·

288 3421 359 3492 tur3
384 3411 425 3476 ab
450 3410 516 3488 illo,
542 3433 614 3475 cum
638 3412 794 3475 auxilium
810 3411 1009 3495 Argivorum
1027 3419 1128 3495 petat.
1168 3414 1287 3496 Itaque
1304 3413 1463 3478 infirmior

288 3509 461 3573 Menelaus
484 3508 538 3572 ille
563 3508 692 3573 videtur
715 3531 813 3592 quam
836 3512 923 3593 apud
947 3511 1148 3593 Euripidem,
1181 3513 1236 3593 551
1268 3534 1342 3575 cunr
1373 3513 1462 3596 regia

290 3629 455 3673 servorum
480 3614 610 3672 caterva
635 3609 714 3672 satis
731 3614 880 3672 ornatum
900 3631 973 3672 eum
989 3616 1150 3672 monstret
1167 3608 1277 3694 (1561,
1296 3612 1360 3673 348
1379 3609 1463 3695 555.)

378 3706 412 3791 3)
449 3706 565 3790 Argivi
600 3707 775 3788 participes
810 3728 929 3788 rerum,
966 3728 1049 3788 quae
1084 3708 1171 3770 inter
1206 3707 1396 3772 Menelaum
1431 3713 1462 3772 et

289 3803 440 3869 Orestem
463 3812 629 3886 geruntur,
654 3805 791 3887 putandi
815 3812 908 3886 suut3
949 3805 999 3868 sin
1022 3805 1129 3868 minus
1153 3812 1322 3887 putentur,
1349 3828 1461 3871 eorum

289 3904 479 3984 mentiones
512 3924 595 3984 quae
620 3924 678 3984 per
701 3908 803 3967 totam
832 3924 984 3967 scaenam
1012 3902 1104 3983 fiunt,
1136 3925 1201 3967 nou
1230 3903 1464 3987 intellegantur

378 4001 413 4086 4)
439 3999 573 4065 Orestes
609 4000 642 4063 id
673 4022 770 4084 agere
801 4007 838 4063 ut
868 4007 982 4065 contra
1012 4000 1201 4064 Menelaum
1237 4023 1270 4065 se
1307 4002 1463 4066 defendat

290 4099 519 4181 potiusquam
544 4104 589 4179 ut,
624 4099 702 4162 satis
727 4098 888 4181 defensae,
922 4120 999 4164 suae
1030 4097 1126 4162 saluti
1156 4121 1215 4181 per
1243 4099 1333 4162 illum
1364 4102 1464 4183 impe·

289 4196 427 4261 trandae
453 4196 582 4260 studeat

380 4298 412 4373 5)
438 4294 577 4358 eunuchi
608 4316 748 4376 persona
780 4295 919 4377 scriptor
950 4293 1081 4358 fabulae
1112 4293 1200 4359 illius
1231 4296 1335 4359 utitur
1367 4298 1463 4375 1528,

289 4412 362 4455 cum
386 4393 562 4455 inhaere
586 4393 762 4474 Euripides
786 4415 850 4457 555
879 4399 1033 4456 moretur.
