3098 5242
672 366 879 427 -8-.

183 581 246 642 que
271 560 451 642 colligimus
464 558 628 642 Phrygem
647 561 713 624 sive
738 559 779 624 de
804 566 892 624 tecto
918 561 984 625 sive
1009 561 1049 625 de
1074 561 1198 626 lacunis
1216 583 1289 645 quae
1308 563 1363 626 sub

182 659 253 739 ipso
283 664 368 722 tecto
393 658 586 722 intermissae
612 664 706 722 erant
731 657 919 722 desiluisse:
952 659 1069 741 quibus
1101 660 1208 724 verbis
1239 667 1364 735 contra-

183 756 293 819 dicere
317 779 365 821 vv.
393 758 567 820 1366-68
593 755 708 820 doctus
726 755 904 820 scholiasta
920 764 1010 820 recte
1029 756 1187 821 videbat·
1201 755 1288 822 Sane
1313 759 1365 821 isti

184 874 297 918 versus
320 844 400 916 111λά
424 864 540 917 κτυπεῖ
563 851 624 939 γὰρ
646 853 773 940 κλῇθρα
796 853 863 917 κτλ.
889 856 1046 919 usitatum
1061 854 1151 943 illum
1168 856 1302 919 modum
1317 877 1364 919 re·

183 957 309 1033 petunt,
346 973 410 1034 quo
443 952 635 1033 posterioris
665 952 823 1033 temporis
861 959 967 1035 poetae
1005 953 1175 1017 dramatici
1209 975 1365 1036 personas

183 1050 382 1132 prodeuntes
418 1051 641 1131 praenuntiare
678 1049 828 1115 solebant
867 1051 916 1132 (ut
952 1056 1002 1115 est
1032 1052 1065 1114 in
1098 1051 1213 1115 eodem
1244 1050 1364 1115 scholio

181 1169 256 1231 pag.
282 1149 356 1229 217,
381 1149 400 1210 2
427 1143 521 1224 ἐξιών
543 1171 593 1223 τις
616 1156 732 1234 ψοφεῖ,
758 1155 877 1212 τοῦτο
901 1146 973 1234 γὰρ
996 1145 1100 1226 ἔθος,
1124 1159 1197 1225 ταῖς
1220 1147 1364 1234 θύραις),

184 1246 275 1309 11111
300 1245 388 1309 modi
413 1244 563 1327 exempla
594 1267 634 1309 ex
665 1247 780 1328 quavis
813 1247 976 1311 comoedia
1000 1245 1156 1311 Plautina
1187 1247 1364 1328 abundant,

186 1365 213 1412 e.
244 1366 274 1429 g.
306 1341 428 1408 Oasina
452 1365 501 1406 11.
537 1346 609 1408 161.
643 1346 718 1411 434.
752 1346 825 1408 813.
861 1346 936 1412 813.
969 1347 1032 1409 936
1070 1343 1181 1430 (quam
1211 1344 1366 1428 Diphilus

185 1440 303 1506 Graece
328 1442 515 1523 scripserat,
563 1464 591 1508 v,
618 1441 685 1526 31).
732 1441 852 1525 Itaque
877 1448 910 1506 et
941 1464 1004 1525 res,
1037 1465 1109 1526 quae
1144 1444 1270 1508 inserta
1307 1449 1364 1524 est,

185 1540 219 1602 in
242 1545 397 1621 promptu
421 1545 503 1622 erat,
540 1545 571 1602 11
603 1559 702 1604 11111
732 1540 937 1604 removendae
974 1542 1022 1605 rei
1058 1542 1126 1605 eius
1161 1562 1234 1623 quae
1270 1547 1366 1604 antea

185 1636 302 1718 iuerat,
327 1643 394 1700 tam
418 1636 593 1719 perspicua
618 1643 667 1701 est
690 1635 757 1722 (ἵνα
780 1636 825 1725 μὴ
840 1638 1104 1724 roconodinum),
1121 1643 1157 1701 11
1172 1638 1269 1720 plane
1286 1636 1366 1701 nihil

187 1734 272 1798 obsit
283 1734 408 1816 judicio
426 1734 598 1799 scholastae
615 1756 729 1800 versus
747 1736 821 1800 illos
838 1736 1032 1801 damnantis.
1050 1775 1092 1783 —
1111 1735 1219 1801 Unum
1236 1736 1366 1819 quidem

185 1832 352 1910 auxilium,
367 1854 408 1896 ne
422 1854 535 1897 versus
551 1834 721 1915 eiciantur,
737 1855 908 1917 superesse
923 1836 952 1898 ei
969 1841 1113 1919 censent,
1130 1834 1186 1917 qui
1203 1834 1366 1917 explicant

185 1930 351 2016 Phrygem
375 1930 415 1994 de
440 1931 535 1995 domo
560 1932 761 2010 interiore,
787 1954 859 2016 quae
885 1932 924 1997 de
948 1932 1077 1997 theatro
1102 1953 1167 1996 non
1203 1938 1366 2015 spectetur

187 2029 552 2112 desilire3tumdemum,
567 2030 612 2093 ad
629 2037 782 2112 portam
796 2032 1030 2095 exteriorem
1042 2029 1234 2114 profectum,
1245 2030 1277 2093 in
1288 2051 1363 2094 scae-

187 2147 262 2190 nam
286 2126 435 2208 prodire3
460 2127 548 2210 quod
572 2134 800 2211 argumentum
825 2135 857 2192 et
881 2129 986 2212 ipsum
1003 2129 1184 2211 antiquitus
1200 2134 1366 2210 repertum

187 2224 303 2309 (schol.
317 2224 359 2288 ad
375 2227 468 2304 1311,
483 2247 557 2308 pag.
572 2228 648 2309 217,
663 2230 702 2290 19
716 2234 818 2290 ταῦτα
838 2213 893 2291 cdv
915 2247 1013 2312 φησιν
1030 2219 1074 2302 ὡς
1092 2221 1367 2312 buconeapdpuuig

186 2330 261 2386 τῶν
285 2319 358 2386 'a'cco
374 2346 483 2399 τινας
500 2321 627 2410 οἴκων)
645 2346 664 2388 1
680 2325 917 2389 recentioribus
931 2324 953 2411 ¹)
971 2325 1146 2408 approbari
1161 2324 1253 2388 solet.
1285 2325 1367 2388 Haec

188 2442 384 2504 quamquam
408 2423 602 2486 testimoniis
627 2421 764 2487 refutari
787 2424 902 2506 nequit
925 2423 1165 2507 argumentatio
1190 2429 1300 2486 tamen
1315 2444 1365 2486 ve-

188 2519 330 2584 risimilis
365 2541 431 2583 non
467 2527 526 2586 est.
582 2521 669 2585 Nam
700 2523 840 2604 primum
873 2522 975 2586 saltus
1005 2520 1059 2585 ille
1092 2518 1366 2604 magnificentiam

187 2617 287 2682 habet
312 2618 535 2683 tantummodo
561 2619 587 2682 si
612 2620 774 2702 cernitur3
809 2621 858 2683 sin
883 2619 990 2684 verbis
1014 2620 1110 2683 modo
1139 2618 1232 2682 addit
1254 2618 1367 2700 Phryx

191 2717 299 2795 „intus
323 2714 469 2797 profecto
495 2716 535 2780 de
559 2722 647 2782 tecto
672 2717 819 2799 desilui,“
846 2717 986 2782 saliendi
1014 2717 1169 2795 inventio,
1195 2716 1367 2781 deficiente

190 2813 386 2896 spectaculo,
423 2814 546 2878 inutilis
584 2822 642 2880 est.
690 2816 818 2880 Deinde
849 2838 914 2880 non
947 2822 1069 2880 temere
1094 2815 1261 2878 damnavit
1285 2815 1368 2878 alter

189 2911 364 2976 scholiasta
380 2933 502 2990 versus,
528 2913 585 2978 sed
601 2921 639 2978 ut
655 2914 900 2978 consuetudinis
918 2914 1114 2978 histrionum
1129 2933 1252 2998 gnarus
1269 2919 1367 2995 atque

189 3010 315 3092 doctus,
341 3011 428 3092 quod
451 3012 521 3094 ipse
546 3034 595 3079 11.
622 3016 673 3077 62.
701 3015 764 3077 643
790 3018 1027 3077 11111111111
1057 3017 1216 3076 testatur:
1254 3031 1273 3073 a
1304 3031 1366 3093 quo

190 3109 217 3171 si
242 3109 372 3172 omnino
397 3108 581 3189 histriones,
607 3110 694 3193 quod
719 3110 820 3174 libros
836 3116 1010 3186 mutarent,
1036 3109 1182 3174 accusati
1199 3115 1284 3189 sunt,
1310 3130 1366 3172 no-

189 3212 258 3269 tum
283 3207 313 3269 ei
336 3205 437 3271 fuisse
461 3207 494 3270 id
518 3210 686 3290 negotium
714 3208 843 3271 illorum
875 3229 1009 3272 necesse
1042 3214 1100 3271 est.
1147 3206 1236 3288 Ergo
1267 3207 1294 3270 si
1327 3206 1367 3270 ab

190 3304 375 3368 hominibus
389 3306 487 3368 studii
501 3306 695 3371 histrionum
709 3307 823 3390 peritis
842 3329 890 3369 vv.
908 3307 1081 3370 1366-68
1096 3306 1136 3369 ab
1155 3304 1367 3369 histrionibus

190 3401 378 3484 interpolati
403 3404 615 3485 putabantur,
640 3426 700 3469 nos
732 3404 862 3487 quidem
893 3404 1048 3468 tutissimi
1072 3403 1189 3467 horum
1208 3403 1368 3485 judicium

191 3520 381 3581 sequemur3
407 3502 495 3583 quod
518 3522 595 3566 vero
621 3501 751 3566 defendi
775 3501 885 3584 aliquo
917 3502 1013 3565 ruodo
1038 3506 1175 3583 possunt
1198 3501 1222 3563 11
1246 3521 1367 3577 111111,

190 3597 370 3660 tenendum
394 3606 444 3663 est
468 3601 612 3664 omnium
635 3598 795 3681 fraudum,
822 3620 894 3682 quae
920 3620 1074 3682 umquam
1091 3602 1233 3677 luerunt,
1259 3619 1368 3662 neces-

192 3695 277 3759 sario
303 3694 447 3778 aliquam
470 3697 735 3780 probabilitatem
758 3696 870 3762 fuisse.
908 3695 1035 3779 Quibus
1060 3696 1100 3760 de
1125 3696 1232 3759 causis
1256 3717 1368 3760 versus

194 3795 367 3858 1366-68
392 3796 469 3878 quin
495 3795 683 3876 interpolati
707 3797 772 3859 sint
808 3796 939 3859 dubium
976 3817 1042 3858 non
1078 3815 1149 3858 esse
1185 3815 1366 3858 censemus.

193 3888 303 3972 Quare
328 3914 427 3975 supra
452 3894 491 3957 de
506 3892 625 3958 Oreste
649 3894 811 3978 tragoedia
834 3895 906 3957 usui
931 3893 1070 3957 scaenico
1093 3892 1369 3957 accommodanda

192 3988 339 4053 diceutes
372 3992 493 4055 eisdem
518 3992 665 4056 versibus
697 3992 785 4056 velut
816 3999 1009 4075 argumento
1042 3989 1224 4055 utebamur.
1271 3990 1369 4054 Nunc

193 4107 231 4150 eo
256 4087 436 4154 redeamus.

282 4249 302 4315 1)
322 4248 407 4301 Errat
426 4267 491 4303 vero
511 4250 593 4317 Weil,
613 4251 737 4319 cogitans
757 4250 791 4302 de
811 4250 915 4302 aedibus
935 4245 1369 4313 1111111111111111,1111111111

192 4325 257 4378 s'est
275 4332 371 4382 trouve'
391 4329 535 4398 enferme',“
557 4331 618 4382 adn.
639 4330 673 4382 ad
692 4349 735 4384 vv.
757 4332 834 4386 1366.
856 4333 886 4385 i:
916 4344 970 4379 non
991 4328 1062 4380 enim
1081 4327 1164 4392 illinc,
1184 4326 1230 4378 sed
1245 4326 1368 4394 aliquan·

192 4413 251 4462 tum
270 4415 334 4477 post
353 4427 366 4462 e
386 4412 510 4464 conclavi
528 4412 556 4463 11
577 4429 630 4477 quo
651 4411 759 4463 Helena
782 4411 843 4477 ipsa
862 4407 1025 4462 versabatur
1045 4404 1148 4476 effugit,
1174 4424 1200 4459 v.
1219 4407 1369 4461 1473-77.
