3098 5242
670 364 885 425 ..46Ἃ

376 555 414 621 οδ
439 555 500 641 γὰρ
522 555 564 621 τιν’
588 549 667 634 νέίς
689 554 856 640 Αἴγισθον
880 553 1006 642 ἐξηῦρες
1029 554 1108 620 κακὰ

375 656 431 719 καὶ
454 656 591 741 πλησίον
614 659 772 743 παρῆσθα
795 652 947 718 κινδύνων
971 652 1054 737 ἐμοί,

375 762 430 817 νῦν
454 742 526 817 νἀδ
551 752 645 830 δίδως
667 776 723 834 μοι
747 752 913 833 πολεμίων
936 758 1104 838 τιμωρίαν.
1237 755 1320 817 1160

193 868 321 953 Quibus
353 870 500 935 versibus
524 870 646 952 triplici
670 868 765 933 modo
790 869 932 952 Pylades
956 869 1039 934 bene
1064 871 1103 935 de
1128 870 1245 935 Oreste
1269 870 1363 933 meri-

192 975 245 1033 tus
277 990 347 1034 esse
379 968 499 1033 dicitur
537 969 569 1054 1)
593 968 680 1050 quod
712 967 798 1030 mala
830 974 942 1031 contra
973 966 1169 1052 Aegisthum
1200 967 1364 1032 molienda

191 1067 352 1131 invenerit
375 1066 408 1149 2)
432 1065 520 1149 quod
543 1067 577 1129 in
601 1086 725 1130 summo
750 1066 894 1148 periculo
918 1065 1061 1131 adfuerit
1084 1066 1193 1131 Oresti
1218 1067 1253 1150 3)
1278 1066 1364 1148 quod

191 1165 369 1229 ulciscendi
407 1165 574 1229 novissimi
611 1165 733 1227 inimici
771 1185 858 1228 nunc
893 1164 1082 1229 facultatem
1118 1165 1186 1247 det,
1227 1186 1363 1248 quorum

187 1265 377 1329 meritorum
401 1262 483 1327 illud
507 1262 645 1347 πλησίον
669 1267 827 1348 παρῆσθα
855 1261 1005 1327 κινδύνων
1033 1260 1106 1345 ἐμοί
1129 1264 1172 1327 de
1198 1284 1240 1327 eo
1264 1264 1363 1345 peri-

184 1364 269 1429 culo
295 1359 612 1444 intellegendum
637 1381 723 1424 esse
748 1367 857 1443 puto,
883 1364 995 1427 cuius
1018 1369 1143 1427 testes
1166 1363 1241 1445 ipsi
1259 1383 1362 1444 spec-

183 1470 336 1528 tatores
361 1466 475 1525 erant
492 1482 520 1527 v.
539 1461 604 1522 725
628 1458 744 1523 huius
768 1459 940 1541 fabulae,
966 1483 1141 1543 numquam
1159 1462 1244 1523 enim
1260 1461 1363 1545 magis

182 1562 320 1627 Orestes
345 1557 551 1643 periclitatus
577 1566 643 1623 est:
678 1557 736 1622 sed
765 1559 853 1623 haud
884 1561 949 1624 scio
983 1581 1024 1623 an
1057 1581 1096 1622 ex
1126 1559 1196 1642 ipso
1222 1581 1249 1622 v.
1279 1562 1361 1623 1159

183 1662 262 1724 item
287 1658 372 1723 falso
399 1657 578 1721 deductum
602 1658 654 1737 sit,
681 1678 718 1721 eo
743 1664 888 1740 tempore
906 1657 1063 1741 Pyladem
1080 1656 1191 1722 Oresti
1208 1657 1362 1740 adfuisse,

185 1779 259 1822 cum
291 1756 346 1820 ille
380 1762 519 1819 matrem
544 1755 754 1822 interficeret.
813 1752 906 1837 Quae
931 1755 1066 1839 Pyladis
1096 1756 1253 1842 laudati0,
1290 1777 1362 1820 cum

186 1861 297 1923 taceat
328 1853 368 1918 de
400 1854 500 1918 caede
537 1854 765 1935 perpetranda,
802 1852 947 1918 declarat
982 1854 1021 1918 de
1058 1853 1216 1917 caedendi
1251 1875 1361 1936 opera,

188 1973 286 2033 quam
303 1952 446 2034 Pylades
470 1952 660 2034 praebuerit
683 1953 715 2015 in
739 1951 800 2015 hac
824 1951 934 2016 fabula
958 1951 1166 2036 cogitandum
1190 1973 1255 2015 uon
1280 1973 1361 2015 esse.

189 2047 294 2114 Simul
318 2071 406 2113 nunc
431 2071 543 2114 versus
570 2052 653 2113 1236
679 2051 920 2115 meminerimus
944 2051 999 2133 qui
1023 2048 1155 2132 Pyladis
1187 2050 1236 2113 ori
1267 2050 1360 2113 resti-

187 2153 279 2212 tutus
304 2149 347 2211 sit
371 2147 412 2231 (v.
437 2171 468 2230 p.
494 2147 566 2232 44):
602 2146 714 2210 fierine
739 2168 817 2211 casu
840 2155 958 2230 potest,
990 2147 1104 2211 utillo
1129 2169 1258 2230 quoque
1290 2147 1361 2209 loco

189 2265 290 2326 opera
314 2245 448 2328 Pyladis
475 2268 540 2309 non
563 2246 626 2309 nisi
650 2266 729 2310 voce
754 2242 900 2309 ἐκέλευσα
924 2245 1134 2310 nominetur?
1157 2246 1262 2308 Immo
1287 2267 1362 2328 pru-

189 2342 270 2407 dens
293 2350 392 2427 poeta
416 2343 496 2406 illud
521 2343 668 2424 dixerat,
694 2343 751 2408 sed
775 2366 794 2407 a
817 2344 1061 2426 posterioribus
1087 2341 1204 2425 quibus
1228 2336 1362 2430 ἡψάμην

190 2437 303 2526 ξίφους
327 2442 430 2504 virum
460 2443 561 2523 magis
594 2441 709 2505 decere
741 2442 920 2520 videbatur,
953 2463 1111 2525 personae
1143 2449 1360 2505 cominutatae

188 2544 273 2601 sunt.

277 2733 358 2797 Loci
383 2734 482 2816 igitur
507 2735 563 2817 qui
595 2735 637 2798 ad
661 2734 795 2817 Pyladis
831 2757 964 2819 operam
1000 2742 1150 2818 spectant
1184 2735 1226 2799 ad
1261 2758 1361 2800 unum

187 2852 298 2898 omnes
331 2833 508 2896 ostendunt
535 2833 729 2916 Euripidem
760 2836 793 2898 in
824 2836 993 2919 tragoedia
1024 2842 1136 2898 nostra
1167 2835 1206 2897 de
1232 2832 1362 2917 Clytae-

186 2936 328 2997 mestrae
353 2933 453 2996 caede
478 2931 605 2996 consilii
629 2933 725 2996 unius
742 2933 876 2998 ineundi
893 2955 998 3016 neque
1015 2933 1062 2996 rei
1078 2934 1180 3015 ipsius
1199 2933 1361 3015 gerendae

186 3034 313 3112 partem
330 3027 449 3112 Pyladi
472 3031 636 3095 tribuisse.
685 3030 762 3095 Non
787 3037 896 3095 autem
920 3031 1038 3095 absunt
1062 3052 1172 3095 versus
1196 3031 1262 3115 qui,
1279 3030 1362 3096 falso

187 3125 353 3209 intellecti,
378 3129 493 3193 testari
517 3129 692 3195 videantur
716 3129 862 3194 eiusdem
886 3136 1012 3212 partem
1036 3129 1083 3192 rei
1104 3150 1232 3210 quoque
1250 3151 1364 3212 geren-

189 3226 260 3303 dae,
286 3248 330 3295 sc.
354 3249 405 3293 vv.
434 3229 527 3306 1014,
557 3230 651 3309 1089,
687 3231 781 3292 1159.
840 3224 931 3310 Qiios
961 3249 1074 3291 versus
1105 3248 1139 3290 re
1171 3248 1247 3291 vera
1280 3227 1362 3292 falso

188 3323 373 3388 intellectos
397 3324 496 3389 fuisse
521 3333 620 3408 atque
644 3326 706 3389 boc
731 3346 842 3389 errore
874 3325 1142 3408 interpolationes
1173 3324 1245 3388 illas
1280 3347 1364 3407 quae

188 3421 323 3505 Pyladis
346 3432 473 3503 partem
498 3422 656 3487 caedendi
687 3424 849 3488 subiciant
874 3423 1084 3507 explicandas
1109 3444 1179 3487 esse
1200 3425 1268 3505 jam
1294 3446 1362 3488 sus·

188 3521 344 3602 picamur.
382 3558 421 3565 —
459 3519 661 3602 Simulatque
704 3521 847 3602 Pylades
886 3521 1029 3585 adfuisse
1071 3521 1133 3606 ipsi
1179 3522 1362 3586 matricidio

188 3624 333 3700 putatur,
358 3638 452 3681 nemo
477 3619 583 3682 adhuc
608 3620 792 3701 perspiciet,
830 3640 894 3702 qua
918 3620 1045 3683 ratione
1077 3618 1132 3682 ille
1164 3620 1292 3682 demum
1326 3641 1363 3683 eo

189 3714 240 3778 die
272 3714 383 3796 Argos
416 3718 522 3780 veniat
553 3738 617 3798 quo
648 3717 761 3800 populi
792 3718 923 3781 comitia
954 3717 994 3780 de
1028 3715 1145 3781 Oreste
1178 3717 1363 3782 damnando

188 3811 368 3896 habentur,
392 3813 512 3877 idcirco
539 3821 692 3897 exoptata
717 3816 778 3878 erit
803 3815 976 3898 explicatio
1001 3815 1066 3896 illa,
1091 3815 1249 3898 Pyladem
1275 3837 1364 3879 reve·

188 3913 256 3974 nire
281 3933 301 3975 a
331 3923 426 3993 patre
457 3914 584 3976 interea
616 3913 802 3995 expulsum,
841 3912 899 3976 sed
934 3914 1101 3996 implicata
1136 3913 1230 3976 simul
1250 3922 1364 3978 verunt

188 4010 296 4073 omnia
335 4010 564 4091 migrationum
604 4011 825 4075 multitudine:
882 4020 1004 4093 quanto
1045 4011 1221 4094 simplicius
1265 4024 1364 4093 poeta

187 4105 318 4171 finxisse
354 4108 482 4172 videtur
513 4109 553 4172 ab
584 4109 677 4173 initio
709 4111 743 4172 in
773 4107 920 4173 Phocide
952 4109 1042 4173 illum
1075 4129 1251 4188 remanere,
1290 4131 1363 4174 cum

188 4204 275 4269 solus
300 4206 421 4269 amicus
446 4206 556 4289 Argos
580 4206 815 4288 proficiscatur,
847 4207 962 4271 adesse
995 4215 1114 4288 autem,
1147 4207 1213 4287 ubi,
1247 4207 1362 4272 morbo

187 4301 331 4383 affectus
365 4303 514 4368 domibus
543 4305 691 4368 exclusus
722 4304 785 4388 (vv.
811 4304 935 4388 4047)
967 4328 986 4369 a
1017 4306 1150 4386 civibus,
1180 4305 1361 4387 periclitari

188 4402 332 4483 coeperit
356 4402 488 4466 amicus
536 4400 628 4486 Quae
653 4403 783 4485 quidem
807 4404 951 4467 narratio
977 4403 1182 4488 neglegentia
1200 4404 1306 4466 omitti
1324 4424 1362 4467 eo
