3098 5242
735 354 934 415 -6-

298 562 353 597 333
383 545 533 599 debilitata.
589 545 733 600 Menelaus
762 545 920 614 obsequitur
947 548 1028 614 (ἔχεις
1050 567 1082 614 με
1111 545 1191 615 11117)
1220 544 1419 612 breviloquens.

299 623 485 694 Obsequentia
502 643 558 679 non
576 626 683 679 tollitur
701 644 746 682 vv.
766 626 859 682 1621-
872 628 907 682 24
924 663 1420 685 ............
1480 626 1528 679 -lt

301 707 326 760 2.
358 707 449 759 Aliter
475 723 519 759 res
547 723 575 759 se
603 705 687 759 habet
716 724 760 759 vv.
792 709 940 764 1618-20.
985 706 1037 777 Qui
1064 710 1177 775 propter
1207 722 1309 758 nexum
1339 705 1421 758 inter·

301 791 417 855 ruptum
447 790 474 840 et
499 804 597 839 novam
624 785 848 856 significationem
877 787 995 840 incendii
1020 788 1101 853 (1618
1128 790 1224 838 contra
1252 787 1322 841 1543
1352 785 1421 854 sqq.)

303 867 385 919 alieni
404 871 614 936 cognoscuntur
658 866 760 921 Errare
786 873 971 958 spectatorum
990 866 1144 958 corruptela
1163 864 1243 919 facile
1262 866 1423 934 explicatur.

303 947 409 1000 Versus
429 947 588 1016 turpissimi,
608 948 803 1017 consanguinei
821 949 912 1001 versui
933 950 1013 1003 1598:
1040 948 1086 1015 qni
1105 964 1197 1000 omnes
1216 950 1326 1015 poetam
1344 945 1423 998 flocci

297 1026 402 1080 faciunt
430 1066 1421 1085 .......................
1482 1024 1534 1078 -32

243 1108 278 1160 Β.
297 1109 463 1162 collectanea
521 1145 1423 1164 .....................
1450 1107 1509 1160 32-
1511 1105 1535 1158 35

301 1187 436 1241 Cohaeret
456 1188 729 1258 haec'truterpolatio,
753 1190 862 1258 etipsa
883 1190 1044 1243 histrionem
1066 1189 1172 1256 decens,
1194 1205 1257 1241 curn
1277 1188 1423 1256 superiore.

305 1267 386 1321 Orest
376 1274 416 1321 tes
442 1269 625 1322 incendiarius
653 1270 745 1323 reddit
734 1274 786 1322 tna.
836 1269 947 1323 Orestes
971 1269 1063 1323 fabula
1092 1273 1250 1322 retractata.
1299 1268 1424 1337 Lessing,

200 1415 203 1423 ἱ
304 1347 493 1417 Shakespeare
513 1349 547 1402 de
566 1349 727 1403 histrionum
748 1349 943 1418 hominumque
962 1349 1103 1419 spectandi
1126 1349 1286 1416 cupidorum
1313 1347 1425 1401 libidine

308 1429 450 1499 tragoediis
476 1430 648 1498 importuna,
677 1447 737 1498 quae
760 1431 818 1498 jam
845 1434 939 1484 vetere
966 1435 1091 1498 tempore
1117 1429 1223 1498 legibus
1249 1428 1425 1482 coercebatur

299 1513 390 1561 Τελεία
408 1516 496 1575 πρᾶξις

702 1618 840 1686 Tertia
864 1638 975 1702 pars,

248 1720 283 1769 oe
302 1719 402 1783 Pyladts
422 1734 531 1786 persona
551 1723 784 1787 taterpclallonlbns
802 1723 877 1774 aucta
896 1724 921 1774 31
940 1722 1108 1787 pessumdata.

251 1798 284 1850 Α,
307 1795 420 1861 Pyladis
439 1800 539 1851 mentio
557 1800 585 1850 in
599 1802 695 1867 priore
708 1805 790 1865 carte
803 1799 922 1865 fabulae
939 1814 992 1852 noc
1004 1798 1087 1864 sucta
1107 1836 1424 1851 ........
1452 1799 1540 1857 36-38

286 1876 336 1927 AV.
366 1878 401 1931 33
430 1878 464 1929 ab
491 1877 680 1932 Herwerdeno
709 1879 861 1932 damnatus.
920 1881 1007 1935 lona
1042 1883 1069 1931 et
1102 1876 1276 1930 incommoda
1309 1877 1425 1930 interro·

300 1956 419 2025 gatione‚
448 1976 530 2026 quarn
549 1960 699 2023 continent,
724 1964 751 2012 et
777 1959 885 2027 syntaxi
908 1960 985 2013 verbi
1012 1964 1073 2023 ὁρᾶν
1097 1958 1270 2011 damnantur.
1314 1957 1425 2010 Electra

299 2036 334 2089 ab
353 2037 432 2092 initio
451 2039 510 2093 sola
529 2038 655 2093 Orestem
674 2040 781 2094 curavit

245 2118 277 2170 B.
302 2117 415 2183 Pyladis
434 2121 559 2173 cecilium
578 2120 771 2187 interpolatum
795 2148 1425 2176 ...............
1453 2121 1542 2177 38-12

300 2196 445 2265 Quomodo
464 2199 499 2253 de
516 2218 560 2253 vv.
575 2202 715 2256 1075-77
736 2202 848 2269 antiqua
867 2200 959 2265 ἀπορία
978 2199 1046 2253 solvi
1057 2216 1138 2268 posse
1151 2199 1285 2252 videatur.
1314 2197 1426 2266 Pyladis

300 2278 379 2345 qnasi
398 2280 457 2332 veri
476 2284 504 2333 et
523 2281 621 2349 optimi
639 2281 719 2333 amici
738 2285 872 2347 χαρακτήρ,
892 2280 958 2333 olim
971 2280 1059 2334 bonus
1072 2282 1108 2348 (=
1122 2281 1150 2331 cb
1163 2280 1267 2347 φαῦλος)
1277 2279 1426 2346 judicatus,

301 2374 383 2426 nunc,
403 2360 480 2412 utin
499 2360 551 2413 hac
570 2359 662 2413 sabula
681 2367 731 2428 est,
744 2361 835 2430 potius
849 2359 1073 2414 contemnendus.
1109 2359 1425 2427 Ι3(11313ι3,3333333ει

299 2438 467 2506 explicatur:
487 2458 531 2493 vv.
551 2442 673 2497 763-71
695 2441 811 2495 delendi.

252 2519 278 2572 C.
298 2518 415 2584 Pylades
433 2523 577 2575 restitutus
618 2551 1427 2580 ...................
1453 2521 1544 2578 42-50

305 2599 329 2651 1.
349 2598 465 2653 Temere
487 2600 619 2668 Pyladem
644 2602 793 2655 matricidii
816 2604 979 2672 participem
998 2605 1096 2671 putare
1120 2602 1250 2654 solemus:
1282 2602 1311 2653 in
1336 2601 1428 2654 fabula

304 2682 398 2731 nostra
411 2679 530 2747 Pylades
549 2699 604 2734 non
622 2687 778 2751 accusatus;
798 2683 871 2736 idern
888 2701 943 2736 non
961 2683 1015 2736 nisi
1033 2682 1158 2735 versibus
1172 2681 1345 2750 interpolatis
1358 2686 1427 2735 tam·

305 2775 387 2825 quam
398 2776 489 2814 comes
502 2761 607 2815 Orestis
616 2768 784 2817 memoratus
794 2766 847 2831 (33,
861 2767 927 2831 4063
939 2765 1009 2820 1224
1019 2763 1134 2830 spurius,
1145 2779 1240 2816 versus
1253 2762 1427 2832 ,Pyladei“)3

305 2855 340 2891 ne
369 2841 494 2895 versibus
523 2843 633 2910 quidem
662 2846 732 2901 1074
754 2849 783 2899 et
809 2847 879 2901 1089
903 2862 1015 2898 necesse
1042 2847 1093 2909 est,
1119 2847 1149 2896 nt
1166 2842 1284 2910 Pylades
1312 2843 1428 2898 necandi

301 2917 388 2986 ipsius
408 2923 511 2990 negotii
530 2924 669 2994 particeps
689 2925 778 2979 dictus
799 2926 841 2978 sit.
874 2925 957 2979 Cuius
969 2931 1111 2992 tamquam
1124 2924 1305 2978 consiliatoris
1321 2942 1428 2977 munus.

297 2997 415 3054 Errores
434 3008 543 3057 veteres
563 3020 622 3057 esse
642 3005 789 3073 suspicitur
839 3043 1427 3065 ..............

299 3079 324 3132 2.
354 3079 460 3136 Robert
498 3085 549 3152 ,de
584 3087 667 3140 caede
701 3085 856 3158 1133131111.ιι
903 3087 1028 3155 Pylades,
1063 3085 1091 3139 in
1125 3085 1282 3138 narratione
1316 3084 1430 3139 Orestea

305 3162 370 3215 olim
391 3163 499 3232 absens,
519 3182 579 3220 sero
598 3169 727 3237 vulgatus
748 3173 829 3234 atque
848 3168 876 3219 in
895 3168 1003 3220 theatro
1022 3170 1117 3236 gratus
1136 3165 1232 3219 evasit.
1270 3164 1428 3219 Stabilitate

298 3242 389 3296 famae
410 3246 468 3298 eius
487 3245 642 3301 recentiore
666 3247 742 3300 docti
765 3247 818 3301 viri
837 3247 952 3316 decepti.
998 3247 1077 3300 Idem
1096 3263 1172 3299 error
1197 3245 1430 3314 interpolationes,

303 3339 372 3391 quas
392 3326 615 3396 monstravimus,
641 3334 669 3381 et
687 3332 840 3395 pepererat,
868 3334 895 3381 et
913 3332 1019 3380 tutatus
1038 3332 1087 3379 est.
1132 3325 1169 3378 Et
1194 3326 1374 3378 histrionibus
1403 3329 1430 3378 et

304 3406 506 3472 spectatoribus
525 3407 640 3474 Pyladis
659 3411 753 3476 partes
773 3412 871 3461 auctae
891 3408 1061 3461 satisfaciunt
1112 3444 1430 3462 ........
1491 3401 1547 3457 -50

242 3490 378 3554 13333113.
1522 3485 1531 3499 '

302 3563 400 3620 Certus
420 3569 449 3619 in
468 3567 731 3637 interpolationibus
752 3569 884 3639 eligendis
903 3569 1001 3622 modus
1019 3566 1099 3619 huius
1118 3566 1211 3621 libelli.

244 3652 318 3704 lndax
338 3651 451 3705 locorum
479 3685 1431 3705 ......................
1459 3641 1548 3705 51-52
